@article{beer_hausdorff_1974,
	title = {The {Hausdorff} metric and convergence in measure.},
	volume = {21},
	number = {1},
	journal = {Michigan Mathematical Journal},
	author = {Beer, Gerald A.},
	month = aug,
	year = {1974},
}

@article{lucchetti_class_2020,
	title = {A class of sets where convergence in {Hausdorff} sense and in measure coincide},
	volume = {98},
	number = {S2},
	journal = {Atti della Accademia Perloritana dei Pericolanti. Classe di Scienze Fisiche, Matematiche e Naturali},
	author = {Lucchetti, Roberto and {Fernando Sanso'}},
	month = dec,
	year = {2020},
	pages = {A9--1--A9--7},
}

@article{yushkevich_1976_reduction,
    title = {Reduction of a controlled {Markov} model with incomplete data to a problem with complete information in the case of {Borel} state and control spaces},
    author = {Yushkevich, A. A.},
    journal = {Theory of Probability \& its Applications},
    volume = {21},
    number = {1},
    pages = {153-158},
    year = {1976},
}

@book{rockafellar_variational_2009,
  title={Variational Analysis},
  author={Rockafellar, R. Tyrrell and Wets, Roger J.-B.},
  volume={317},
  year={2009},
  publisher={Springer Science \& Business Media, Berlin}
}

@book{hernandez-lerma_adaptive_1989,
    title={Adaptive {Markov} Control Processes},
    author={Hern\'andez-Lerma, O.},
    year={1989},
    publisher={Springer-Verlag, New York}
}

@book {walter_rudin_1953,
    author = {Rudin, Walter},
     title = {Principles of {Mathematical} {Analysis}},
 publisher = {McGraw-Hill Book Company, Inc., New York},
      year = {1953},
}

@book{walter_rudin_1966,
    author = {Rudin, Walter},
    title = {{Real} and {Complex} {Analysis}},
    year = {1987},
    publisher={McGraw-Hill Book Company, Inc., New York}
}


@article{feinberg_partially_2016,
	title = {Partially Observable Total-Cost {Markov} Decision Processes with Weakly Continuous Transition Probabilities},
	volume = {41},
	number = {2},
	journal = {Mathematics of Operations Research},
	author = {Feinberg, Eugene A. and Kasyanov, Pavlo O. and Zgurovsky, Michael Z.},
	year = {2016},
	pages = {656--681},
}

@article{feinberg_berge_2013,
    title = {{Berge's} Maximum Theorem for Noncompact Image Sets},
    author = {Feinberg, Eugene A. and Kasyanov, Pavlo O. and Voorneveld, Mark},
    year = {2013},
    journal = {Journal of Mathematical Analysis and Applications},
    volume = {397},
    number = {1},
    pages = {255--259}
}

@article{feinberg_markov_2022,
	title = {{Markov} Decision Processes with Incomplete Information and Semiuniform {Feller} Transition Probabilities},
	volume = {60},
	number = {4},
	journal = {SIAM Journal on Control and Optimization},
	author = {Feinberg, Eugene A. and Kasyanov, Pavlo O. and Zgurovsky, Michael Z.},
	month = aug,
	year = {2022},
	pages = {2488--2513},
}

@book{bertsekas_stochastic_1996,
  title={Stochastic {Optimal} {Control}: the {Discrete}-{Time} {Case}},
  author={Bertsekas, Dimitri and Shreve, Steven E},
  year={1996},
  publisher={Athena Scientific, Belmont}
}

@article{aoki_1965,
   author = {Aoki, Masanao},
   title = {Optimal control of partially observable {Markovian} systems},
   journal = {Journal of the Franklin Institute},
   volume = {280},
   number = {5},
   pages = {367-386},
   year = {1965},
}

@article{astrom_1965,
   author = {\r{A}str\"{o}m, K. J.},
   title = {Optimal control of {Markov} processes with incomplete state information},
   journal = {Journal of Mathematical Analysis and Applications},
   volume = {10},
   number = {1},
   pages = {174-205},
   year = {1965},
}

@inproceedings{pineau_2003,
   author = {Pineau, Joelle and Gordon, Geoff and Thrun, Sebastian},
   title = {Point-based value iteration: An anytime algorithm for {\pomdp{}s}},
   booktitle = {International Joint Conference on Artificial Intelligence},
   volume = {3},
   year = {2003},
   pages = {1025-1032},
}

@book{sondik_1971,
   author = {Sondik, Edward Jay},
   title = {The optimal control of partially observable {Markov} processes},
   publisher = {Stanford University},
   year = {1971},
}

@article{smallwood_1973_optimal,
    author={Smallwood, R. D. and Sondik, E. J.},
    title={The optimal control of partially observable {Markov} processes over a finite horizon},
    year = {1978},
    journal = {Operations Research},
    volume = {21},
    number = {5},
    pages = {1071--1088},
}

@article{sondik_1978_optimal,
    author = {Sondik, E. J.},
    title = {The optimal control of partially observable {Markov} processes over the infinite horizon: discounted costs},
    year = {1978},
    journal = {Operations Research},
    volume = {26},
    number = {2},
    pages = {282--304},
}

@book{simon_optimal_2006,
    author = {Simon, Dan},
    title = {Optimal {State} {Estimation}: {Kalman}, $H_\infty$, and {Nonlinear} {Approaches}},
    publisher = {John Wiley \& Sons, Hoboken},
    year = {2006}
}

@article{JThProb,
	author = {Feinberg, Eugene A. and Kasyanov, Pavlo O. and Zgurovsky, Michael Z.},
	title = {Semi-uniform Feller Stochastic Kernels},
	journal = {Journal of Theoretical Probability},
	year = {2023},
}

@inproceedings{kaelbling_1995,
   author = {Kaelbling, Leslie Pack and Littman, Michael L. and Cassandra, Anthony R.},
   title = {Partially observable {Markov} decision processes for artificial intelligence},
   booktitle = {KI-95: Advances in Artificial Intelligence},
   editor = {Wachsmuth, Ipke and Rollinger, Claus-Rainer and Brauer, Wilfried},
   publisher = {Springer Berlin Heidelberg},
   pages = {1-17},
   year = {1995},
}


@inproceedings{cassandra_2013,
    author = {Cassandra, Anthony and Littman, Michael L. and Zhang, Nevin L.},
    title = {Incremental Pruning: A Simple, Fast, Exact Method for Partially Observable {Markov} Decision Processes},
    year = {1997},
    booktitle = {Proceedings of the Thirteenth Conference on Uncertainty in Artificial Intelligence},
    pages = {54–61},
}

@inproceedings{bertsekas_1995,
   author = {Bertsekas, D. P. and Tsitsiklis, J. N.},
   title = {Neuro-dynamic programming: an overview},
   booktitle = {Proceedings of 1995 34th IEEE Conference on Decision and Control},
   volume = {1},
   year = {1995},
   pages = {560-564},
}

@inproceedings{kurniawati_2008,
   author = {Kurniawati, Hanna and Hsu, David and Lee, Wee Sun},
   title = {{SARSOP}: Efficient point-based \pomdp{} planning by approximating optimally reachable belief spaces},
   booktitle = {Robotics: Science and Systems},
   year = {2008},
}

@article{hauskrecht_2000,
   author = {Hauskrecht, Milos and Fraser, Hamish},
   title = {Planning treatment of ischemic heart disease with partially observable {Markov} decision processes},
   journal = {Artificial Intelligence in Medicine},
   volume = {18},
   number = {3},
   pages = {221-244},
   year = {2000},
}

@article{lee_2021,
   author = {Lee, Taewoo and Dorali, Poria and Shahmoradi, Zahed and Weng, Christina Y},
   title = {Developing Behavior-Based Diabetic Retinopathy Screening Guidelines},
   journal = {Investigative Ophthalmology \& Visual Science},
   volume = {62},
   number = {8},
   pages = {1141-1141},
   year = {2021},
}

@article{ayer_2012,
   author = {Ayer, Turgay and Alagoz, Oguzhan and Stout, Natasha K.},
   title = {{OR} Forum—-A {\pomdp{}} Approach to Personalize Mammography Screening Decisions},
   journal = {Operations Research},
   volume = {60},
   number = {5},
   pages = {1019-1034},
   year = {2012},
}

@article{zhang_2012,
   author = {Zhang, Jingyu and Denton, Brian T. and Balasubramanian, Hari and Shah, Nilay D. and Inman, Brant A.},
   title = {Optimization of Prostate Biopsy Referral Decisions},
   journal = {Manufacturing \& Service Operations Management},
   volume = {14},
   number = {4},
   pages = {529-547},
   year = {2012},
}

@article{chapman_2022,
   author = {Chapman, Margaret P. and Jensen, Emily and Chan, Steven M. and Lessard, Laurent},
   title = {Information-theoretic multi-time-scale partially observable systems with relevance to leukemia treatment},
   url = {http://arxiv.org/abs/2204.12604},
   year = {2022},
}

@article{bazrafshan_2020,
   author = {Bazrafshan, Nazila and Lotfi, M. M.},
   title = {A finite-horizon {Markov} decision process model for cancer chemotherapy treatment planning: an application to sequential treatment decision making in clinical trials},
   journal = {Annals of Operations Research},
   volume = {295},
   number = {1},
   pages = {483-502},
   year = {2020},
}

@article{adeyiola_2022,
   author = {Adeyiola, A. O. and Rabia, S. I. and Elsaid, A. and Fadel, S. and Zakaria, A.},
   title = {A {Markov} Decision Process Framework for Optimal Cancer Chemotherapy Dose Selection},
   journal = {Journal of Physics: Conference Series},
   volume = {2287},
   number = {1},
   pages = {012002},
   year = {2022},
}

@article{kalman_1960_theory,
   author = {Kalman, Rudolf Emil},
   title = {Contributions to the theory of optimal control},
   journal = {Bol. Soc. Mat. Mexicana},
   volume = {5},
   number = {2},
   pages = {102-119},
   year = {1960},
}

@article{kalman_1960_approach,
   author = {Kalman, R. E.},
   title = {A New Approach to Linear Filtering and Prediction Problems},
   journal = {Journal of Basic Engineering},
   volume = {82},
   number = {1},
   pages = {35-45},
   year = {1960},
}

@article{kalman_1961,
   author = {Kalman, R. E. and Bucy, R. S.},
   title = {New Results in Linear Filtering and Prediction Theory},
   journal = {Journal of Basic Engineering},
   volume = {83},
   number = {1},
   pages = {95-108},
   year = {1961},
}

@article{auger_2013,
   author = {Auger, F. and Hilairet, M. and Guerrero, J. M. and Monmasson, E. and Orlowska-Kowalska, T. and Katsura, S.},
   title = {Industrial Applications of the {Kalman} Filter: A Review},
   journal = {IEEE Transactions on Industrial Electronics},
   volume = {60},
   number = {12},
   pages = {5458-5471},
   year = {2013},
}

@book{moreno_2009,
    title = {Kalman Filter: Recent Advances and Applications},
    publisher = {IntechOpen, Rijeka},
    year = {2009},
    author = {Victor M. Moreno and Alberto Pigazo},
}

@article{chen_2011,
   author = {Chen, SY},
   title = {Kalman filter for robot vision: a survey},
   journal = {IEEE Transactions on Industrial Electronics},
   volume = {59},
   number = {11},
   pages = {4409-4420},
   year = {2011},
}

@article{julier_2004,
   author = {Julier, S. J. and Uhlmann, J. K.},
   title = {Unscented filtering and nonlinear estimation},
   journal = {Proceedings of the IEEE},
   volume = {92},
   number = {3},
   pages = {401-422},
   year = {2004},
}

@ARTICLE{grady_2015,
  author={Grady, Devin K. and Moll, Mark and Kavraki, Lydia E.},
  journal={IEEE Transactions on Robotics}, 
  title={Extending the Applicability of {\pomdp{}} Solutions to Robotic Tasks}, 
  year={2015},
  volume={31},
  number={4},
  pages={948-961},
  }

  @inbook{petrovskaya_2016,
   author = {Petrovskaya, Anna and Hsiao, Kaijen},
   title = {Active Manipulation for Perception},
   booktitle = {Springer Handbook of Robotics},
   publisher = {Springer International Publishing},
   address = {Cham},
   pages = {1037-1062},
   year = {2016},
}

@article{hannaford_2012,
  title={{Raven-II}: an open platform for surgical robotics research},
  author={Hannaford, Blake and Rosen, Jacob and Friedman, Diana W and King, Hawkeye and Roan, Phillip and Cheng, Lei and Glozman, Daniel and Ma, Ji and Kosari, Sina Nia and White, Lee},
  journal={IEEE Transactions on Biomedical Engineering},
  volume={60},
  number={4},
  pages={954--959},
  year={2012},
}

@article{lum_2009,
  title={The RAVEN: Design and validation of a telesurgery system},
  author={Lum, Mitchell JH and Friedman, Diana CW and Sankaranarayanan, Ganesh and King, Hawkeye and Fodero, Kenneth and Leuschke, Rainer and Hannaford, Blake and Rosen, Jacob and Sinanan, Mika N},
  journal={The International Journal of Robotics Research},
  volume={28},
  number={9},
  pages={1183--1197},
  year={2009},
  publisher={Sage Publications Sage UK: London, England}
}

@inproceedings{montemerlo_2002,
  title={Experiences with a mobile robotic guide for the elderly},
  author={Montemerlo, Michael and Pineau, Joelle and Roy, Nicholas and Thrun, Sebastian and Verma, Vandi},
  pages={587--592},
  publisher = {American Association for Artificial Intelligence},
  booktitle = {Eighteenth National Conference on Artificial Intelligence},
  year={2002}
}

@ARTICLE{lauri_2022,
  author={Lauri, Mikko and Hsu, David and Pajarinen, Joni},
  journal={IEEE Transactions on Robotics}, 
  title={Partially Observable {Markov} Decision Processes in Robotics: A Survey}, 
  year={2023},
  volume={39},
  number={1},
  pages={21-40},
  }

  @article{kaelbling_2013,
  title={Integrated task and motion planning in belief space},
  author={Kaelbling, Leslie Pack and Lozano-P{\'e}rez, Tom{\'a}s},
  journal={The International Journal of Robotics Research},
  volume={32},
  number={9-10},
  pages={1194--1227},
  year={2013},
}

@inproceedings{ulbrich_2013,
  title={Probabilistic online \pomdp{} decision making for lane changes in fully automated driving},
  author={Ulbrich, Simon and Maurer, Markus},
  booktitle={16th International IEEE Conference on Intelligent Transportation Systems (ITSC 2013)},
  pages={2063--2067},
  year={2013},
}

@inproceedings{brechtel_2014,
  title={Probabilistic decision-making under uncertainty for autonomous driving using continuous {\pomdp{}s}},
  author={Brechtel, Sebastian and Gindele, Tobias and Dillmann, R{\"u}diger},
  booktitle={17th International IEEE Conference on Intelligent Transportation Systems (ITSC)},
  pages={392--399},
  year={2014},
}

@article{chades_2008,
  title={When to stop managing or surveying cryptic threatened species},
  author={Chad\`{e}s, Iadine and McDonald-Madden, Eve and McCarthy, Michael A and Wintle, Brendan and Linkie, Matthew and Possingham, Hugh P},
  journal={Proceedings of the National Academy of Sciences},
  volume={105},
  number={37},
  pages={13936--13940},
  year={2008},
}

@inproceedings{chades_2012,
  title={{MOMDPs}: a solution for modelling adaptive management problems},
  author={Chad\`{e}s, Iadine and Carwardine, Josie and Martin, Tara G and Nicol, Samuel and Sabbadin, R{\'e}gis and Buffet, Olivier},
  booktitle={Twenty-Sixth AAAI Conference on Artificial Intelligence},
  year={2012}
}

@article{chades_2021,
  title={A primer on partially observable {Markov} decision processes ({\pomdp{}s})},
  author={Chad{\`e}s, Iadine and Pascal, Luz V and Nicol, Sam and Fletcher, Cameron S and Ferrer-Mestres, Jonathan},
  journal={Methods in Ecology and Evolution},
  volume={12},
  number={11},
  pages={2058--2072},
  year={2021},
}

@article{nicol_2015,
  title={Adapting environmental management to uncertain but inevitable change},
  author={Nicol, Sam and Fuller, Richard A and Iwamura, Takuya and Chad{\`e}s, Iadine},
  journal={Proceedings of the Royal Society B: Biological Sciences},
  volume={282},
  number={1808},
  pages={20142984},
  year={2015},
  publisher={The Royal Society}
}

@article{memarzadeh_2019,
  title={Resolving the measurement uncertainty paradox in ecological management},
  author={Memarzadeh, Milad and Boettiger, Carl},
  journal={The American Naturalist},
  volume={193},
  number={5},
  pages={645--660},
  year={2019},
  publisher={The University of Chicago Press Chicago, IL}
}


@article{monahan_1982,
   author = {Monahan, George E.},
   title = {State of the Art--A Survey of Partially Observable {Markov} Decision Processes: Theory, Models, and Algorithms},
   journal = {Management Science},
   volume = {28},
   number = {1},
   pages = {1-16},
   year = {1982},
}

@article{dynkin_1965,
   author = {Dynkin, E. B.},
   title = {Controlled Random Sequences},
   journal = {Theory of Probability \& Its Applications},
   volume = {10},
   number = {1},
   pages = {1-14},
   year = {1965},
}

@inproceedings{shiryaev_1966,
  title={On the theory of decision functions and control of a process of observation based on incomplete information},
  author={Shiryaev, AN},
  journal={Trans. 3rd Prague Conf. Information Theory, Statistical Decision Functions, Random Processes},
  pages = {678--681},
  year = {1964 (in Russian)},
  note = {Engl. transl. in \textit{Select. Transl. in Math., Statist. Probab.} 6(1966), 162--188},
}

@article{sawaragi_1970,
  title={Discrete-time {Markovian} decision processes with incomplete state observation},
  author={Sawaragi, Yoshikazu and Yoshikawa, Tsuneo},
  journal={The Annals of Mathematical Statistics},
  volume={41},
  number={1},
  pages={78--86},
  year={1970},
  publisher={JSTOR}
}

@article{rhenius_1974,
    author = {Detlef Rhenius},
    title = {Incomplete Information in {Markovian} Decision Models},
    volume = {2},
    journal = {The Annals of Statistics},
    number = {6},
    publisher = {Institute of Mathematical Statistics},
    pages = {1327--1334},
    year = {1974},
}

@article{albright_1979,
  title={Structural results for partially observable {Markov} decision processes},
  author={Albright, S Christian},
  journal={Operations Research},
  volume={27},
  number={5},
  pages={1041--1053},
  year={1979},
  publisher={INFORMS}
}

@article{white_1980,
  title={Monotone control laws for noisy, countable-state {Markov} chains},
  author={White III, Chelsea C},
  journal={European Journal of Operational Research},
  volume={5},
  number={2},
  pages={124--132},
  year={1980},
  publisher={Elsevier}
}

@article{kara_2019,
   author = {Kara, Ali Devran and Saldi, Naci and Yüksel, Serdar},
   title = {Weak Feller property of non-linear filters},
   journal = {Systems \& Control Letters},
   volume = {134},
   pages = {104512},
   year = {2019},
}

@article{feinberg_equivalent_2022,
  author = {Feinberg, Eugene A. and Kasyanov, Pavlo O.},
  title = {Equivalent Conditions for Weak Continuity of Nonlinear Filters},
  journal = {Systems \& Control Letters},
  volume = {173},
  pages = {105458},
  year = {2022},
}

@article{platzman_1980,
  title={Optimal infinite-horizon undiscounted control of finite probabilistic systems},
  author={Platzman, Loren K},
  journal={SIAM Journal on Control and Optimization},
  volume={18},
  number={4},
  pages={362--380},
  year={1980},
}

@book{neveu1965mathematical,
  title={Mathematical foundations of the calculus of probability},
  author={Neveu, Jacques},
  year={1965},
  publisher={Holden-day}
}

@article{zhou2010solving,
  title={Solving continuous-state \pomdp{}s via density projection},
  author={Zhou, Enlu and Fu, Michael C and Marcus, Steven I},
  journal={IEEE Transactions on Automatic Control},
  volume={55},
  number={5},
  pages={1101--1116},
  year={2010},
  publisher={IEEE}
}

@article{singh_archives_2021,
   author = {Singh, Prabhishek and Diwakar, Manoj and Shankar, Achyut and Shree, Raj and Kumar, Manoj},
   title = {A Review on SAR Image and its Despeckling},
   journal = {Archives of Computational Methods in Engineering},
   volume = {28},
   number = {7},
   pages = {4633-4653},
   year = {2021},
}

@article{aubert_variational_2008,
  title={A variational approach to removing multiplicative noise},
  author={Aubert, Gilles and Aujol, Jean-Francois},
  journal={SIAM Journal on Applied Mathematics},
  volume={68},
  number={4},
  pages={925--946},
  year={2008},
  publisher={SIAM}
}

@article{yun_multiplicative_2012,
  author={Yun, Sangwoon and Woo, Hyenkyun},
  journal={IEEE Transactions on Image Processing}, 
  title={A New Multiplicative Denoising Variational Model Based on $m$th Root Transformation}, 
  year={2012},
  volume={21},
  number={5},
  pages={2523-2533},
}

@ARTICLE{bioucas-dias_multiplicative_2010,
  author={Bioucas-Dias, Jos\'{e} M. and Figueiredo, M\'{a}rio A. T.},
  journal={IEEE Transactions on Image Processing}, 
  title={Multiplicative Noise Removal Using Variable Splitting and Constrained Optimization}, 
  year={2010},
  volume={19},
  number={7},
  pages={1720-1730},
}

@article{feinberg_average_cost_2012,
  author = {Eugene A. Feinberg and Pavlo O. Kasyanov and Nina V. Zadoianchuk},
 journal = {Mathematics of Operations Research},
 number = {4},
 pages = {591--607},
 publisher = {INFORMS},
 title = {Average Cost {Markov} Decision Processes with Weakly Continuous Transition Probabilities},
 urldate = {2023-01-31},
 volume = {37},
 year = {2012}
}

  